@article{apaza2017microcontroladores,
  title={Microcontroladores PIC fundamentos y aplicaciones un enfoque did{\'a}ctico},
  author={Apaza Condori, David},
  year={2017},
  publisher={Universidad Aut{\'o}noma San Francisco}
}

@article{reyes2015arduino,
  title={Arduino: aplicaciones en rob{\'o}tica, mecatr{\'o}nica e ingenier{\'\i}as},
  author={Reyes Cort{\'e}s, FERNANDO and Cid Monjaraz, JAIME},
  journal={Mexico, Alfaomega, Barcelona, Marcombo},
  year={2015}
}