@misc{Diferencias,
  author = {Elías Rodríguez García},
  journal={El Español},
  title = {Núcleos e hilos en un procesador: qué son y en qué se diferencian},
  url = "https://www.elespanol.com/omicrono/tecnologia/20170707/nucleos-hilos-procesador-diferencian/229478224_0.html",
  month = {07},
  year = {2017}, 
}

@article{Tipos,
author = "Francisco Trujillo Hacha",
title = {Gestión de hilos de ejecución.},
year = {2017},
url = {http://bibing.us.es/proyectos/abreproy/11320/fichero/Capitulos%252F13.pdf}
}

@misc{Nucleos_e_Hilos,
    author = "Jesús García García-Doncel",
    title = {Núcleos e hilos de un procesador},
    month = {10},
    year = {2019},
    url = "https://jesgargardon.com/blog/nucleos-e-hilos-de-un-procesador/"
} 

@article{O'Sullivan2005,
title={The history of threads},
author={O'Sullivan, Bryan},
year={2005},
url={http://www.serpentine.com/blog/threads-faq/the-history-of-threads/},
note= "[Sitio: Serpentine]"
}