@article{apaza2017microcontroladores,
  title={Microcontroladores PIC fundamentos y aplicaciones un enfoque did{\'a}ctico},
  author={Apaza Condori, David},
  year={2017},
  publisher={Universidad Aut{\'o}noma San Francisco}
}

